% This file was created with JabRef 2.3.1.
% Encoding: Cp1252

@Online{zappella,
  author      = {Giovanni Zappella},
  title       = {A Scalable Multiclass Algorithm for Node Classification},
  version     = {1},
  date        = {2011-12-19},
  eprinttype  = {arxiv},
  eprintclass = {cs.LG, cs.GT},
  eprint      = {http://arxiv.org/abs/1112.4344v1}
}
